<collection xmlns="http://www.loc.gov/MARC21/slim">
<record>
  <leader>05927nam0a2201009 i 450 </leader>
  <controlfield tag="001">IT\ICCU\CNCE\006788</controlfield>
  <controlfield tag="005">20180601000000.0</controlfield>
  <datafield tag="012" ind1=" " ind2=" ">
    <subfield code="a">8.er t,*- t.ut **** (3) 1566 (R)</subfield>
    <subfield code="2">fei</subfield>
  </datafield>
  <datafield tag="100" ind1=" " ind2=" ">
    <subfield code="a">19970101d1566        0itac0103    ba</subfield>
  </datafield>
  <datafield tag="101" ind1=" " ind2=" ">
    <subfield code="a">LAT</subfield>
    <subfield code="a">GRC</subfield>
  </datafield>
  <datafield tag="102" ind1=" " ind2=" ">
    <subfield code="a">IT</subfield>
  </datafield>
  <datafield tag="200" ind1="1" ind2=" ">
    <subfield code="a">℗Vrbani Bolzanii Bellunensis ℗Grammaticae institutiones ad Graecam linguam, a mendis quamplurimis, quae paullatim ex impressorum irrepserant incuria, uindicatae</subfield>
  </datafield>
  <datafield tag="210" ind1=" " ind2=" ">
    <subfield code="a">Venetiis</subfield>
    <subfield code="c">\Paolo Manuzio!</subfield>
    <subfield code="d">1566</subfield>
    <subfield code="e">Venetiis</subfield>
    <subfield code="h">1566</subfield>
  </datafield>
  <datafield tag="215" ind1=" " ind2=" ">
    <subfield code="a">320 \i.e. 322! c.</subfield>
    <subfield code="d">8ʻ</subfield>
  </datafield>
  <datafield tag="620" ind1=" " ind2=" ">
    <subfield code="a">IT</subfield>
    <subfield code="d">Venezia</subfield>
  </datafield>
  <datafield tag="700" ind1=" " ind2="1">
    <subfield code="a">Bolzanio,</subfield>
    <subfield code="b">Urbano</subfield>
    <subfield code="3">IT\ICCU\CNCA\001815</subfield>
  </datafield>
  <datafield tag="712" ind1="0" ind2="0">
    <subfield code="a">Manuzio, Paolo</subfield>
    <subfield code="3">IT\ICCU\CNCT\000570</subfield>
    <subfield code="4">650</subfield>
  </datafield>
  <datafield tag="790" ind1=" " ind2="1">
    <subfield code="a">Dalle_Fosse,</subfield>
    <subfield code="b">Urbano</subfield>
    <subfield code="3">IT\ICCU\CNCA\010173</subfield>
    <subfield code="z">Bolzanio, Urbano</subfield>
  </datafield>
  <datafield tag="790" ind1=" " ind2="1">
    <subfield code="a">Valeriano Bolzani,</subfield>
    <subfield code="b">Urbano</subfield>
    <subfield code="3">IT\ICCU\CNCA\012939</subfield>
    <subfield code="z">Bolzanio, Urbano</subfield>
  </datafield>
  <datafield tag="790" ind1=" " ind2="0">
    <subfield code="a">Urbanus</subfield>
    <subfield code="c"> : Bolzanius</subfield>
    <subfield code="3">IT\ICCU\CNCA\015078</subfield>
    <subfield code="z">Bolzanio, Urbano</subfield>
  </datafield>
  <datafield tag="791" ind1="0" ind2="0">
    <subfield code="a">Manutius, Paulus</subfield>
    <subfield code="3">IT\ICCU\CNCT\005020</subfield>
    <subfield code="z">Manuzio, Paolo</subfield>
  </datafield>
  <datafield tag="791" ind1="0" ind2="0">
    <subfield code="a">Manutio, Paolo</subfield>
    <subfield code="3">IT\ICCU\CNCT\005021</subfield>
    <subfield code="z">Manuzio, Paolo</subfield>
  </datafield>
  <datafield tag="801" ind1=" " ind2="3">
    <subfield code="a">IT</subfield>
    <subfield code="b">ICCU</subfield>
    <subfield code="c">20201113</subfield>
  </datafield>
  <datafield tag="899" ind1=" " ind2=" ">
    <subfield code="a">Biblioteca del Seminario vescovile. Casale Monferrato</subfield>
    <subfield code="1">AL0024</subfield>
    <subfield code="2">TO0 L2</subfield>
  </datafield>
  <datafield tag="899" ind1=" " ind2=" ">
    <subfield code="a">Biblioteca comunale. Fabriano</subfield>
    <subfield code="1">AN0033</subfield>
    <subfield code="2">URB BF</subfield>
  </datafield>
  <datafield tag="899" ind1=" " ind2=" ">
    <subfield code="a">Biblioteca comunale Antonelliana. Senigallia</subfield>
    <subfield code="1">AN0069</subfield>
    <subfield code="2">URB BS</subfield>
  </datafield>
  <datafield tag="899" ind1=" " ind2=" ">
    <subfield code="a">Biblioteca civica A. Mai. Bergamo</subfield>
    <subfield code="1">BG0026</subfield>
    <subfield code="2">LO1 02</subfield>
  </datafield>
  <datafield tag="899" ind1=" " ind2=" ">
    <subfield code="a">Biblioteca civica. Belluno</subfield>
    <subfield code="1">BL0006</subfield>
    <subfield code="2">VIA CB</subfield>
  </datafield>
  <datafield tag="899" ind1=" " ind2=" ">
    <subfield code="a">Biblioteca universitaria. Bologna</subfield>
    <subfield code="1">BO0098</subfield>
    <subfield code="2">UBO BU</subfield>
  </datafield>
  <datafield tag="899" ind1=" " ind2=" ">
    <subfield code="a">Biblioteca comunale dell&apos;Archiginnasio. Bologna</subfield>
    <subfield code="1">BO0304</subfield>
    <subfield code="2">UBO GA</subfield>
  </datafield>
  <datafield tag="899" ind1=" " ind2=" ">
    <subfield code="a">Biblioteca provinciale dei frati minori cappuccini. Bologna</subfield>
    <subfield code="1">BO0342</subfield>
    <subfield code="2">PBE 94</subfield>
  </datafield>
  <datafield tag="899" ind1=" " ind2=" ">
    <subfield code="a">Biblioteca del Reale Collegio di Spagna. Bologna</subfield>
    <subfield code="1">BO0374</subfield>
    <subfield code="2">ZBO 04</subfield>
  </datafield>
  <datafield tag="899" ind1=" " ind2=" ">
    <subfield code="a">Biblioteca civica Queriniana. Brescia</subfield>
    <subfield code="1">BS0026</subfield>
    <subfield code="2">ZBS 01</subfield>
  </datafield>
  <datafield tag="899" ind1=" " ind2=" ">
    <subfield code="a">Biblioteca dannunziana. Gardone Riviera</subfield>
    <subfield code="1">BS0310</subfield>
    <subfield code="2">LO1 25</subfield>
  </datafield>
  <datafield tag="899" ind1=" " ind2=" ">
    <subfield code="a">Biblioteca universitaria. Cagliari</subfield>
    <subfield code="1">CA0194</subfield>
    <subfield code="2">CAG UC</subfield>
  </datafield>
  <datafield tag="899" ind1=" " ind2=" ">
    <subfield code="a">Biblioteca del Museo provinciale campano. Capua</subfield>
    <subfield code="1">CE0010</subfield>
    <subfield code="2">CAM MC</subfield>
  </datafield>
  <datafield tag="899" ind1=" " ind2=" ">
    <subfield code="a">Biblioteca comunale. Como</subfield>
    <subfield code="1">CO0059</subfield>
    <subfield code="2">ZCO 01</subfield>
  </datafield>
  <datafield tag="899" ind1=" " ind2=" ">
    <subfield code="a">Biblioteca del Seminario vescovile Santa Maria della Pace. Cremona</subfield>
    <subfield code="1">CR0061</subfield>
    <subfield code="2">PBE 48</subfield>
  </datafield>
  <datafield tag="899" ind1=" " ind2=" ">
    <subfield code="a">Biblioteche riunite Civica e A. Ursino Recupero. Catania</subfield>
    <subfield code="1">CT0063</subfield>
    <subfield code="2">ZCT 03</subfield>
  </datafield>
  <datafield tag="899" ind1=" " ind2=" ">
    <subfield code="a">Biblioteca comunale Pietro Mineo. Agira</subfield>
    <subfield code="1">EN0002</subfield>
    <subfield code="2">ZEN 02</subfield>
  </datafield>
  <datafield tag="899" ind1=" " ind2=" ">
    <subfield code="a">Biblioteca Apostolica Vaticana. Citt ̉del Vaticano</subfield>
    <subfield code="1">EX0001</subfield>
    <subfield code="2">ZCV 01</subfield>
  </datafield>
  <datafield tag="899" ind1=" " ind2=" ">
    <subfield code="a">Biblioteca nazionale centrale. Firenze</subfield>
    <subfield code="1">FI0098</subfield>
    <subfield code="2">CFI CF</subfield>
  </datafield>
  <datafield tag="899" ind1=" " ind2=" ">
    <subfield code="a">Biblioteca Mariana. Anagni</subfield>
    <subfield code="1">FR0005</subfield>
    <subfield code="2">PBE P4</subfield>
  </datafield>
  <datafield tag="899" ind1=" " ind2=" ">
    <subfield code="a">Biblioteca della Societ ̉economica. Chiavari</subfield>
    <subfield code="1">GE0011</subfield>
    <subfield code="2">LI3 30</subfield>
  </datafield>
  <datafield tag="899" ind1=" " ind2=" ">
    <subfield code="a">Biblioteca universitaria. Genova</subfield>
    <subfield code="1">GE0038</subfield>
    <subfield code="2">LIG 01</subfield>
  </datafield>
  <datafield tag="899" ind1=" " ind2=" ">
    <subfield code="a">Biblioteca Durazzo. Genova</subfield>
    <subfield code="1">GE0047</subfield>
    <subfield code="2">ZGE 24</subfield>
  </datafield>
  <datafield tag="899" ind1=" " ind2=" ">
    <subfield code="a">Biblioteca pubblica del Seminario teologico centrale. Gorizia</subfield>
    <subfield code="1">GO0020</subfield>
    <subfield code="2">ZGO 01</subfield>
  </datafield>
  <datafield tag="899" ind1=" " ind2=" ">
    <subfield code="a">Biblioteca provinciale Nicola Bernardini. Lecce</subfield>
    <subfield code="1">LE0098</subfield>
    <subfield code="2">LEK LE</subfield>
  </datafield>
  <datafield tag="899" ind1=" " ind2=" ">
    <subfield code="a">Biblioteca statale. Lucca</subfield>
    <subfield code="1">LU0022</subfield>
    <subfield code="2">LUA BL</subfield>
  </datafield>
  <datafield tag="899" ind1=" " ind2=" ">
    <subfield code="a">Biblioteca comunale Mozzi-Borgetti. Macerata</subfield>
    <subfield code="1">MC0049</subfield>
    <subfield code="2">UMC CM</subfield>
  </datafield>
  <datafield tag="899" ind1=" " ind2=" ">
    <subfield code="a">Biblioteca Ambrosiana. Milano</subfield>
    <subfield code="1">MI0133</subfield>
    <subfield code="2">VBA 01</subfield>
  </datafield>
  <datafield tag="899" ind1=" " ind2=" ">
    <subfield code="a">Biblioteca comunale centrale. Milano</subfield>
    <subfield code="1">MI0162</subfield>
    <subfield code="2">LO1 01</subfield>
  </datafield>
  <datafield tag="899" ind1=" " ind2=" ">
    <subfield code="a">Biblioteca nazionale Braidense. Milano</subfield>
    <subfield code="1">MI0185</subfield>
    <subfield code="2">MIL NB</subfield>
  </datafield>
  <datafield tag="899" ind1=" " ind2=" ">
    <subfield code="a">Biblioteca del Seminario metropolitano L. A. Muratori. Modena</subfield>
    <subfield code="1">MO0054</subfield>
    <subfield code="2">PBE 09</subfield>
  </datafield>
  <datafield tag="899" ind1=" " ind2=" ">
    <subfield code="a">Biblioteca Estense Universitaria. Modena</subfield>
    <subfield code="1">MO0089</subfield>
    <subfield code="2">MOD BE</subfield>
  </datafield>
  <datafield tag="899" ind1=" " ind2=" ">
    <subfield code="a">Biblioteca civica Stefano Giampaoli. Massa</subfield>
    <subfield code="1">MS0026</subfield>
    <subfield code="2">RT1 QG</subfield>
  </datafield>
  <datafield tag="899" ind1=" " ind2=" ">
    <subfield code="a">Biblioteca oratoriana del Monumento nazionale dei Girolamini. Napoli</subfield>
    <subfield code="1">NA0075</subfield>
    <subfield code="2">NAP GE</subfield>
  </datafield>
  <datafield tag="899" ind1=" " ind2=" ">
    <subfield code="a">Biblioteca nazionale Vittorio Emanuele III. Napoli</subfield>
    <subfield code="1">NA0079</subfield>
    <subfield code="2">NAP BN</subfield>
  </datafield>
  <datafield tag="899" ind1=" " ind2=" ">
    <subfield code="a">Biblioteca del Seminario teologico filosofico di S. Gaudenzio. Novara</subfield>
    <subfield code="1">NO0064</subfield>
    <subfield code="2">TO0 Y5</subfield>
  </datafield>
  <datafield tag="899" ind1=" " ind2=" ">
    <subfield code="a">Biblioteca comunale Passerini Landi. Piacenza</subfield>
    <subfield code="1">PC0030</subfield>
    <subfield code="2">PIA PL</subfield>
  </datafield>
  <datafield tag="899" ind1=" " ind2=" ">
    <subfield code="a">Biblioteca comunale. Foligno</subfield>
    <subfield code="1">PG0035</subfield>
    <subfield code="2">UM1 04</subfield>
  </datafield>
  <datafield tag="899" ind1=" " ind2=" ">
    <subfield code="a">Biblioteca comunale Augusta. Perugia</subfield>
    <subfield code="1">PG0109</subfield>
    <subfield code="2">UM1 01</subfield>
  </datafield>
  <datafield tag="899" ind1=" " ind2=" ">
    <subfield code="a">Biblioteca civica. Pordenone</subfield>
    <subfield code="1">PN0051</subfield>
    <subfield code="2">TSA BP</subfield>
  </datafield>
  <datafield tag="899" ind1=" " ind2=" ">
    <subfield code="a">Biblioteca comunale Carlo Magnani. Pescia</subfield>
    <subfield code="1">PT0015</subfield>
    <subfield code="2">RT1 IO</subfield>
  </datafield>
  <datafield tag="899" ind1=" " ind2=" ">
    <subfield code="a">Biblioteca della collegiata S. Pietro Apostolo. Broni</subfield>
    <subfield code="1">PV0012</subfield>
    <subfield code="2">ZPV 05</subfield>
  </datafield>
  <datafield tag="899" ind1=" " ind2=" ">
    <subfield code="a">Biblioteca comunale Giuseppe Taroni. Bagnacavallo</subfield>
    <subfield code="1">RA0002</subfield>
    <subfield code="2">RAV BC</subfield>
  </datafield>
  <datafield tag="899" ind1=" " ind2=" ">
    <subfield code="a">Biblioteca comunale Classense. Ravenna</subfield>
    <subfield code="1">RA0036</subfield>
    <subfield code="2">RAV CL</subfield>
  </datafield>
  <datafield tag="899" ind1=" " ind2=" ">
    <subfield code="a">Biblioteca comunale Pietro De Nava. Reggio Calabria</subfield>
    <subfield code="1">RC0058</subfield>
    <subfield code="2">RCA RN</subfield>
  </datafield>
  <datafield tag="899" ind1=" " ind2=" ">
    <subfield code="a">Biblioteca comunale Giuseppe Malagoli. Novellara</subfield>
    <subfield code="1">RE0042</subfield>
    <subfield code="2">RE2 42</subfield>
  </datafield>
  <datafield tag="899" ind1=" " ind2=" ">
    <subfield code="a">Biblioteca  Panizzi. Reggio Emilia</subfield>
    <subfield code="1">RE0052</subfield>
    <subfield code="2">RE2 PA</subfield>
  </datafield>
  <datafield tag="899" ind1=" " ind2=" ">
    <subfield code="a">Biblioteca nazionale centrale. Roma</subfield>
    <subfield code="1">RM0267</subfield>
    <subfield code="2">BVE CR</subfield>
  </datafield>
  <datafield tag="899" ind1=" " ind2=" ">
    <subfield code="a">Biblioteca Angelica. Roma</subfield>
    <subfield code="1">RM0290</subfield>
    <subfield code="2">RML 06</subfield>
  </datafield>
  <datafield tag="899" ind1=" " ind2=" ">
    <subfield code="a">Biblioteca dell&apos;Accademia nazionale dei Lincei e Corsiniana. Roma</subfield>
    <subfield code="1">RM0418</subfield>
    <subfield code="2">RML 10</subfield>
  </datafield>
  <datafield tag="899" ind1=" " ind2=" ">
    <subfield code="a">Biblioteca statale del Monumento nazionale S. Scolastica. Subiaco</subfield>
    <subfield code="1">RM0602</subfield>
    <subfield code="2">BVE SU</subfield>
  </datafield>
  <datafield tag="899" ind1=" " ind2=" ">
    <subfield code="a">Biblioteca statale del Monumento nazionale. Cava dei Tirreni</subfield>
    <subfield code="1">SA0088</subfield>
    <subfield code="2">NAP 95</subfield>
  </datafield>
  <datafield tag="899" ind1=" " ind2=" ">
    <subfield code="a">Biblioteca comunale degli Intronati. Siena</subfield>
    <subfield code="1">SI0046</subfield>
    <subfield code="2">RT1 QI</subfield>
  </datafield>
  <datafield tag="899" ind1=" " ind2=" ">
    <subfield code="a">Biblioteca civica Ubaldo Mazzini. Fondi antichi. La Spezia</subfield>
    <subfield code="1">SP0110</subfield>
    <subfield code="2">LI2 L8</subfield>
  </datafield>
  <datafield tag="899" ind1=" " ind2=" ">
    <subfield code="a">Biblioteca comunale. Treviso</subfield>
    <subfield code="1">TV0114</subfield>
    <subfield code="2">VIA CT</subfield>
  </datafield>
  <datafield tag="899" ind1=" " ind2=" ">
    <subfield code="a">Biblioteca civica Vincenzo Joppi. Udine</subfield>
    <subfield code="1">UD0106</subfield>
    <subfield code="2">FVG 12</subfield>
  </datafield>
  <datafield tag="899" ind1=" " ind2=" ">
    <subfield code="a">Biblioteca Bartoliniana. Udine</subfield>
    <subfield code="1">UD0243</subfield>
    <subfield code="2">ZUD 12</subfield>
  </datafield>
  <datafield tag="899" ind1=" " ind2=" ">
    <subfield code="a">Biblioteca d&apos;arte del Museo civico Correr. Venezia</subfield>
    <subfield code="1">VE0039</subfield>
    <subfield code="2">VEA BC</subfield>
  </datafield>
  <datafield tag="899" ind1=" " ind2=" ">
    <subfield code="a">Biblioteca Querini Stampalia. Venezia</subfield>
    <subfield code="1">VE0047</subfield>
    <subfield code="2">VEA QS</subfield>
  </datafield>
  <datafield tag="899" ind1=" " ind2=" ">
    <subfield code="a">Biblioteca nazionale Marciana. Venezia</subfield>
    <subfield code="1">VE0049</subfield>
    <subfield code="2">VEA BM</subfield>
  </datafield>
  <datafield tag="899" ind1=" " ind2=" ">
    <subfield code="a">Biblioteca civica Bertoliana. Vicenza</subfield>
    <subfield code="1">VI0096</subfield>
    <subfield code="2">VIA BE</subfield>
  </datafield>
  <datafield tag="899" ind1=" " ind2=" ">
    <subfield code="a">Biblioteca civica. Verona</subfield>
    <subfield code="1">VR0059</subfield>
    <subfield code="2">ZVR 02</subfield>
  </datafield>
  <datafield tag="911" ind1=" " ind2=" ">
    <subfield code="a">Sul front.</subfield>
    <subfield code="9">IT\ICCU\CNCM\001556</subfield>
  </datafield>
  <datafield tag="921" ind1=" " ind2=" ">
    <subfield code="a">IT\ICCU\CNCM\001556</subfield>
    <subfield code="b">Ancora con delfino e la scritta: Aldus</subfield>
    <subfield code="c">U452</subfield>
    <subfield code="d">Dimensioni: 4,8 x 5,5</subfield>
    <subfield code="f">ANCORA</subfield>
    <subfield code="f">DELFINO</subfield>
    <subfield code="f">ALDUS</subfield>
    <subfield code="g">1565-1567</subfield>
  </datafield>
</record>
</collection>
